
@article{bah-idp2015,
    Author = {Bah, Alaji and Vernon, Robert M. and Siddiqui, Zeba and Krzeminski, Mickael and Muhandiram, Ranjith and Zhao, Charlie and Sonenberg, Nahum and Kay, Lewis E. and Forman-Kay, Julie D.},
    Date = {2015/03/05/print},
    Date-Added = {2015-05-13 19:30:04 +0000},
    Date-Modified = {2015-05-13 19:30:04 +0000},
    Day = {05},
    DOI = {10.1038/nature13999},
    Isbn = {0028-0836},
    Journal = {Nature},
    Month = {03},
    Number = {7541},
    Pages = {106--109},
    Publisher = {Nature Publishing Group, a division of Macmillan Publishers Limited. All Rights Reserved.},
    Title = {Folding of an intrinsically disordered protein by phosphorylation as a regulatory switch},
    Ty = {JOUR},
    Url = {http://dx.doi.org/10.1038/nature13999},
    Volume = {519},
    Year = {2015}}
